1390 2202
150 106 194 138 14
627 106 873 143 TERENCE.

149 184 219 221 ΡΑ.
253 184 376 232 Dave,
406 186 515 235 perii.
575 186 653 225 DA.
696 187 803 233 Quin
832 193 875 226 tu
915 189 987 227 hoc
1015 189 1119 226 audi.
1178 189 1250 227 ΡΑ.
1282 189 1349 227 In-

201 250 302 287 terii.
361 250 438 289 DA.
472 251 578 297 Quid
605 253 757 300 timeas,
787 253 875 291 scio.
1302 274 1351 298 2⁵5

150 314 222 352 PA.
255 315 436 366 Nuptiae
462 317 528 355 mi.
579 317 659 355 DA.
690 318 780 356 Etsi
808 319 912 358 scio‘l
981 319 1050 358 ΡΑ.
1082 319 1227 358 Hodie.
1268 319 1345 358 DA.

201 378 416 429 Obtundis,
445 381 606 418 tametsi
635 381 848 432 intellego?

147 442 188 479 id
214 455 345 493 paves,
374 457 425 482 ne
452 444 573 483 ducas
599 446 718 484 illam.

147 507 218 546 PA.
277 508 390 547 Istuc
443 510 586 561 ipsum.
644 511 722 550 DA.
771 512 911 563 Atque
965 512 1070 551 istuc
1114 513 1246 564 ipsum
1291 513 1351 551 nil

199 573 338 623 pericli
366 577 450 614 est:
486 587 550 613 me
576 575 677 614 vide.

147 637 219 675 ΡΑ.
251 638 421 678 Obsecro
449 644 500 684 te,
520 640 812 691 quamprimum
835 641 907 680 hoc
926 655 989 680 me
1010 642 1136 681 libera
1162 643 1347 682 miserum

199 707 321 742 metu.
378 705 456 743 DA.
488 705 607 753 Hem,

146 770 293 819 liber03
322 784 485 809 uxorem
514 772 591 809 tibi
614 785 697 810 non
722 772 792 810 dat
814 773 893 810 iam
918 772 1112 812 Chremes.
1162 774 1236 812 ΡΑ.
1269 774 1350 820 Qui

199 834 299 873 scis‘l
346 835 422 874 DA.
456 836 573 875 Scies.
1299 853 1350 879 2⁶0

145 900 254 938 Tuus
281 905 395 951 pater
421 902 537 940 modo
564 902 629 940 hic
666 915 729 940 me
766 903 949 955 prendit:
987 904 1046 942 ait
1081 905 1158 943 tibi
1183 918 1347 944 uxorem

201 967 293 1004 dare
321 980 404 1005 sese
658 972 662 976 ’

146 1032 287 1082 hodie;
314 1034 411 1072 item
438 1034 517 1073 alia
544 1035 681 1083 multa,
702 1047 804 1086 quae
831 1048 938 1073 nunc
965 1048 1046 1073 non
1073 1039 1134 1074 est
1160 1035 1350 1075 narrandi

199 1098 318 1137 locus.

145 1163 333 1201 continuo
375 1164 427 1202 ad
468 1168 510 1203 te
547 1178 762 1216 properans
800 1179 987 1217 percurro
1024 1167 1075 1206 ad
1121 1166 1262 1215 forum,
1302 1172 1350 1206 ut

199 1228 328 1266 dicam
354 1229 430 1267 tibi
457 1229 562 1268 haec.

146 1293 216 1332 ubi
241 1298 284 1332 te
310 1307 391 1332 non
417 1295 589 1344 invenio,
619 1297 675 1335 ibi
712 1297 880 1335 ascendo
916 1297 960 1335 in
992 1298 1189 1349 quendam
1224 1298 1349 1337 excel-

199 1374 287 1398 sum
314 1361 454 1401 locum.

145 1426 423 1477 circumspicio.
483 1440 688 1478 nusquam.
1297 1443 1348 1476 ιε,

143 1493 244 1531 mihi
271 1493 491 1532 molestum.
550 1494 645 1544 quid
674 1507 789 1544 agam
817 1494 956 1545 cogito,

145 1543 332 1595 redeunti
359 1558 514 1596 interea
532 1571 582 1596 ex
602 1558 688 1609 ipsa
715 1572 757 1597 re
777 1559 834 1596 mi
857 1558 998 1597 incidit
1026 1558 1215 1610 suspitio:
1242 1559 1345 1607 hem,

143 1623 351 1674 paululum
370 1624 526 1663 obsoni:
555 1625 665 1675 ipsus
684 1625 834 1663 tristis:
864 1625 912 1663 de
931 1625 1145 1676 improviso
1162 1625 1346 1677 nuptiae:

144 1702 226 1727 non
253 1689 476 1729 cohaerent.
535 1690 607 1728 ΡΛ.
641 1690 934 1737 Quorsumnam
970 1691 1100 1730 istuc?
1153 1690 1232 1731 DA.
1262 1691 1348 1742 Ego

198 1765 262 1792 me
289 1754 479 1792 continuo
507 1754 558 1792 ad
587 1754 792 1794 Chremen.

144 1831 267 1869 quum
306 1818 375 1856 illo
413 1818 594 1867 advenio,
634 1819 806 1857 solitudo
843 1822 937 1857 ante
974 1818 1144 1858 ostium:
1190 1819 1270 1859 iam
1304 1820 1348 1860 id

198 1885 358 1934 gaudeo.
1297 1907 1348 1932 270

146 1949 217 1988 ΡΑ.
259 1949 384 1987 Recte
420 1949 540 1988 dicis:
580 1962 707 2000 perge.
777 1950 852 1988 DA.
885 1950 1054 1990 Maneo:
1094 1950 1248 1989 interea
1286 1951 1344 1989 in-

198 2013 318 2052 troire
346 2014 542 2052 neminem
