1390 2202
75 84 99 117 4
555 82 800 119 ΤΕΒΕΝΟΕ,

76 163 219 203 beasti:
254 163 331 210 hei,
361 164 486 201 metui
514 177 538 201 a
568 163 770 214 Chryside.
829 165 888 203 81.
925 164 990 202 Ibi
1018 169 1104 202 tum
1132 164 1238 203 filius

76 241 165 265 cum
203 229 293 277 illis,
325 229 394 279 qui
431 229 620 266 amabant
653 229 898 278 Chrysidem,
928 243 1009 267 una
1045 229 1182 268 aderat
1208 230 1283 270 fre-

130 305 278 341 quens:

76 356 240 393 curabat
267 369 347 394 una
374 357 519 394 funus:
557 356 684 394 tristis
711 356 897 404 interim3

76 434 374 471 nonnumquam
395 421 712 461 collacrumabat.
760 421 912 471 placuit
940 426 1025 459 tum
1054 422 1095 460 id
1124 423 1234 461 mihi.
1251 445 1284 469 70

77 487 132 524 sic
161 487 407 536 cogitabam:
448 487 530 524 Hic
557 500 702 537 parvae
730 487 1027 525 consuetudinis

77 563 194 587 causa
221 550 340 588 huius
369 554 536 588 mortem
566 555 650 588 tam
677 550 756 588 fert
781 551 1056 592 familiariter:

77 614 173 664 quid
201 615 236 652 si
265 615 348 665 ipse
376 617 573 654 amassem
610 616 706 666 quid
733 616 798 654 hic
825 616 924 654 mihi
953 617 1071 655 faciet
1098 618 1234 668 patri'}

77 680 172 718 haec
200 693 272 730 ego
301 681 490 731 putabam
521 693 602 718 esse
630 681 762 718 omnia
789 681 956 718 humani
983 681 1118 732 ingeni

79 747 351 797 mansuetique
379 747 503 784 animi
529 747 666 785 officia.
724 747 831 793 Quid
858 747 996 785 multis
1023 749 1182 787 moror?
1249 767 1282 793 75

77 815 231 862 egomet
259 825 414 862 quoque
443 811 527 849 eius
555 825 672 850 causa
699 812 742 849 in
769 813 889 850 funus
917 813 1074 862 prodeo,

77 875 178 913 nihil
207 876 408 926 suspicans
437 876 556 914 etiam
585 876 689 914 mali.
749 876 811 914 80.
853 876 971 924 Hem,
1002 877 1098 928 quid
1125 877 1167 916 id
1194 879 1279 917 est'l

133 940 186 979 81.
220 940 335 979 Scies.

78 1004 260 1044 ecfertur.
319 1006 433 1044 imus.
492 1005 644 1044 interea
672 1006 777 1044 inter
805 1007 1002 1054 mulieres,

77 1082 178 1120 quae
205 1069 263 1107 ibi
289 1069 465 1116 aderant,
487 1070 586 1108 forte
615 1083 734 1108 unam
761 1072 907 1122 aspicio
932 1072 1278 1122 adulescentulam,

77 1134 252 1172 forma...
309 1133 374 1172 SO.
414 1133 518 1172 bona
545 1133 722 1173 fortasse.
781 1135 836 1174 81.
868 1141 910 1174 et
937 1136 1062 1185 voltu,
1092 1137 1214 1188 Sosia,
1247 1152 1282 1178 ao

77 1199 175 1237 adeo
202 1198 388 1247 modesto,
418 1198 516 1237 adeo
544 1204 724 1247 venusto,
755 1205 802 1237 ut
830 1201 888 1238 nil
917 1214 1046 1252 supra.

78 1276 179 1315 quae
207 1277 329 1314 quum
359 1264 457 1301 1111111
485 1264 695 1302 lamentari
723 1269 880 1316 praeter
907 1270 1055 1306 ceteras

78 1329 164 1367 visa
191 1333 262 1378 est,
293 1333 334 1367 et
361 1330 456 1380 quia
483 1334 569 1367 erat
597 1329 725 1367 forma
752 1334 908 1380 praeter
935 1335 1084 1371 ceteras

77 1394 242 1432 honesta
269 1398 310 1432 et
338 1393 503 1442 liberali,
533 1393 673 1431 accedo
700 1393 750 1431 ad
779 1394 1032 1445 pedisequa-s:

77 1471 178 1509 quae
205 1459 269 1505 sit,
298 1472 400 1509 rogo,
458 1471 630 1496 sororem
659 1471 740 1496 esse
769 1459 883 1497 ajunt
911 1459 1125 1510 Chrysidis,
1247 1475 1281 1508 8⁵

77 1524 268 1575 percussit
295 1524 385 1561 ilico
413 1523 598 1560 animum.
657 1526 754 1571 atat,
783 1523 856 1561 1100
883 1523 983 1562 illud
1010 1529 1082 1574 est,

77 1589 170 1627 hinc
197 1588 289 1626 illae
317 1588 522 1636 lacrumae,
552 1587 646 1625 haec
674 1587 782 1626 illast
808 1589 1084 1630 misericordia.

79 1653 141 1692 So.
165 1653 293 1699 Quam
313 1653 446 1699 timeo,
467 1665 653 1702 quorsum
674 1653 827 1692 evadas.
885 1653 939 1691 81.
963 1653 1100 1693 Funus
1117 1655 1276 1695 interim

78 1718 265 1770 procedit.
323 1718 550 1768 sequimur:
583 1717 632 1755 ad
660 1717 882 1768 sepulcrum
911 1718 1115 1759 venimus:

75 1783 120 1820 in
148 1782 279 1833 ignem
307 1782 552 1832 impositast:
590 1781 717 1820 fletur.
774 1781 935 1820 Interea.
962 1782 1056 1821 haec
1083 1796 1204 1834 soror,
1242 1807 1278 1834 90

77 1860 195 1899 quam
223 1847 320 1895 dixi,
349 1846 399 1884 ad
426 1847 624 1885 flammam
652 1847 814 1885 accessit
839 1847 1141 1900 imprudentius,

77 1913 172 1951 satis
199 1926 288 1950 cum
317 1912 470 1963 periclo.
530 1912 595 1950 Ibi
622 1915 710 1950 tum
738 1912 986 1951 exanimatus
1014 1913 1243 1966 Pamphilus

81 1979 176 2016 bene
205 1977 494 2015 dissimulatum
523 1990 695 2015 amorem
723 1981 764 2015 et
796 1977 967 2015 celatum
993 1977 1166 2020 indicat:
