1390 2202
53 89 99 122 20
528 87 774 124 TERENOE.

52 168 128 206 DA.
180 169 536 208 Renuntiatumst:
582 183 674 208 nam
712 169 782 220 qui
827 169 948 208 istaec
995 169 1073 208 tibi
1117 170 1259 209 incidit

106 235 297 285 suspitio?

53 301 108 338 Sl.
133 300 236 346 Qui‘e
281 301 375 352 quia
394 305 434 339 te
453 314 598 341 noram.
661 301 735 339 DA.
759 301 882 347 Quasi
900 305 946 338 tu
969 301 1087 349 dicas,
1107 301 1257 339 factum

106 367 147 404 id
166 367 328 404 consilio
348 380 445 406 meo,

54 431 107 471 S1.
168 432 285 471 Certe
321 432 426 469 enim
464 432 553 470 scio.
611 432 689 470 DA.
730 431 769 469 N
773 445 824 469 on
858 432 954 469 satis
986 444 1049 469 me
1080 431 1258 482 pernosti

107 499 238 546 etiam,
259 498 387 549 qualis
420 498 504 544 sim,
538 497 655 535 Simo.

54 564 108 603 81.
141 564 255 614 Egon
282 565 347 602 te‘l
405 563 482 600 DA.
514 562 601 609 Sed,
635 563 665 599 si
696 562 791 612 quid
819 574 981 599 narrare
1008 560 1150 611 occepi,
1171 573 1258 598 con-

106 631 221 668 tinuo
246 629 331 668 dari

53 696 127 734 tibi
146 697 267 734 verba
285 707 419 733 censes
438 693 558 732 falso:
588 693 722 743 itaque
741 692 872 730 hercle
900 692 958 730 nil
986 691 1065 729 iam
1093 691 1259 729 muttire

108 763 242 801 audeo.
1209 769 1260 802 3⁶0

55 828 109 866 SI.
141 827 231 865 Hoc
259 839 330 876 ego
350 826 428 864 scio
448 838 584 872 unum,
606 823 804 861 neminem
823 822 1019 873 peperisse
1044 821 1120 859 hic.
1177 821 1256 860 DA.

109 893 325 931 Intellexti.
851 939 853 941 q

54 959 123 998 sed
162 958 289 996 nihilo
331 957 454 995 setius
491 968 583 993 mox
620 954 802 993 deferent
838 966 1005 1004 puerum
1043 952 1120 990 huc
1165 955 1259 989 ante

108 1023 263 1062 ostium.

53 1092 95 1129 id
133 1104 204 1142 ego
240 1091 319 1128 iam
357 1102 462 1127 nunc
502 1088 578 1126 tibi
615 1088 814 1136 renuntio,
853 1101 929 1135 ere,
975 1088 1168 1133 futurum,
1214 1089 1260 1124 ut

107 1169 161 1194 sus
191 1168 340 1194 sciens:

53 1236 104 1261 ne
140 1227 187 1259 tu
223 1221 296 1258 hoc
325 1219 519 1271 posterius
549 1219 656 1256 dicas
686 1218 792 1256 Davi
820 1218 972 1255 factum
999 1216 1162 1255 consilio
1187 1219 1260 1254 aut

108 1287 216 1325 dolis.

53 1365 213 1404 prorsus
240 1364 264 1388 a
282 1364 344 1389 me
371 1350 595 1401 opinionem
621 1350 722 1388 hanc
748 1355 858 1388 tuam
882 1362 965 1387 esse
990 1361 1062 1399 ego
1085 1352 1259 1386 amotam

106 1418 206 1456 volo.
1210 1427 1260 1459 3⁶⁵

55 1485 110 1524 SI.
147 1483 268 1522 Unde
300 1483 341 1521 id
372 1483 478 1521 scis'l
536 1482 614 1520 DA.
653 1481 818 1527 Audivi,
849 1485 891 1519 et
922 1480 1059 1519 credo:

906 1549 1114 1596 postquam
1149 1543 1261 1582 videt

53 1616 214 1667 nuptias
245 1615 351 1653 domi
381 1614 573 1664 apparari,
607 1613 765 1651 missast
793 1611 938 1650 ancilla
966 1611 1056 1649 ilico

54 1681 304 1719 obstetricem
342 1679 573 1717 arcessitum
611 1678 662 1716 ad
702 1691 799 1725 eam,
830 1682 872 1716 et
907 1690 1074 1728 puerum
1109 1679 1156 1715 ut
1189 1674 1258 1714 ad·

107 1747 227 1784 ferret
256 1745 384 1782 simul.

55 1812 145 1850 Hoc
181 1811 258 1848 nisi
286 1810 342 1856 fit,
373 1822 538 1861 puemm
576 1812 622 1846 ut
660 1813 705 1846 tu
743 1807 888 1855 videas,
918 1806 1018 1844 nihil
1048 1809 1260 1844 moventur

107 1877 279 1928 nuptiae.

54 1943 207 1989 scimus,
229 1953 347 1992 quam
375 1939 516 1978 misere
543 1939 645 1976 hanc
673 1937 825 1976 amarit.
874 1949 982 1974 nunc
1000 1935 1076 1974 sibi
1094 1947 1259 1975 uxorem

107 2006 269 2057 expetit.
674 1992 689 2006 ⁰
1209 2019 1260 2046 ³⁷⁰
