1390 2202
98 102 142 134 16
572 97 819 134 TERENCE.

96 177 165 215 ΡΑ.
199 178 371 215 Suadere
399 178 491 216 noli.
551 178 627 215 DA.
661 179 723 215 Ex
752 191 797 216 ea
825 191 867 216 re
896 178 991 228 quid
1019 179 1099 225 fiat,
1129 178 1231 216 vide.

97 242 168 279 ΡΑ.
203 242 264 280 Ut
292 243 342 279 ab
372 243 441 280 illa
469 243 666 290 excludar,
696 243 772 280 huc
810 244 1028 283 concludar.
1087 243 1164 281 DA.
1203 242 1299 280 Non

150 309 254 345 itast.

96 385 235 423 nempe
262 372 335 411 hoc
363 372 419 410 sic
447 385 530 410 esse
558 374 720 423 opinor:
759 374 960 411 dicturum
988 377 1156 424 patrem,
1250 392 1301 419 290

99 438 239 476 ‘ducas
268 438 357 476 volo
385 438 500 475 hodie
529 438 725 476 uxoremz'
754 443 813 486 tu,
844 439 1031 487 ‘ducam‚’
1060 439 1225 489 inquies.

96 503 189 540 cedo
217 503 312 553 quid
340 503 515 552 iurgabit
542 504 698 540 tecum?
752 503 816 540 hic
849 504 988 541 reddes
1015 504 1149 541 omnia

98 582 198 619 quae
224 582 331 606 nunc
360 572 456 606 sunt
482 573 590 606 certa
617 569 654 606 ei
682 568 857 614 consilia,
887 568 1040 605 incerta
1066 571 1115 604 ut
1140 567 1255 614 sient,

99 634 182 672 sine
224 635 329 672 omni
374 633 541 684 periclo:
579 645 672 670 nam
710 633 782 670 hoc
818 632 923 669 haud
961 631 1176 679 dubiumst,
1205 631 1303 682 quin

154 700 342 737 Chremes

100 766 176 803 tibi
203 779 282 804 non
312 765 380 803 det
407 769 580 816 gnatam.
637 777 709 802 nec
737 769 781 802 tu
811 777 858 802 ea
885 775 1001 801 causa
1029 762 1224 801 minueris
1252 781 1304 809 29⁵

100 831 194 868 haec
222 843 323 880 quae
351 830 458 877 facis,
487 842 538 867 ne
566 830 598 866 is
626 833 755 866 mutet
782 841 893 866 suam
921 827 1170 866 sententiam.

100 894 204 945 patri
232 894 294 931 dic
321 894 446 934 velle:
483 897 540 939 ut,
570 905 692 943 quum
724 892 831 939 velit,
860 891 935 929 tibi
963 890 1050 929 iure
1081 890 1199 928 irasci
1224 903 1304 929 non

155 963 281 1009 queat.

101 1037 194 1061 nam
222 1025 257 1061 si
284 1028 324 1061 te
361 1036 486 1074 aequo
522 1022 654 1060 animo
692 1022 793 1059 ferre
829 1020 1007 1071 accipiet,
1036 1019 1306 1071 neglegentem

155 1089 310 1128 feceris:

102 1156 220 1193 aliam
248 1155 396 1193 otiosus
423 1158 604 1205 quaeret:
632 1154 785 1191 interea
811 1152 962 1202 aliquid
990 1150 1175 1190 acciderit
1198 1150 1302 1189 boni.

105 1219 173 1257 ΡΑ.
206 1220 300 1256 Itan
340 1219 491 1257 credis?
540 1218 616 1256 DA.
658 1217 780 1255 Haud
818 1217 982 1254 dubium
1021 1214 1062 1253 id
1098 1214 1302 1265 quidemst

159 1284 231 1322 ΡΑ.
264 1283 370 1322 Vide
399 1297 476 1334 quo
503 1296 566 1321 me
594 1283 767 1320 inducas.
827 1281 905 1320 DA.
937 1281 1045 1327 Quin
1072 1279 1198 1319 taces?
1257 1299 1309 1325 300

104 1351 173 1388 PA.
206 1350 358 1388 Dicam.
415 1363 583 1401 puerum
616 1353 748 1387 autem
778 1361 828 1386 ne
856 1347 1039 1385 resciscat
1065 1346 1122 1384 mi
1149 1357 1231 1384 esse
1257 1357 1307 1383 ex

155 1416 235 1464 illa,
265 1414 395 1454 cautio
422 1420 504 1455 est:

104 1494 194 1518 nam
242 1481 439 1531 pollicitus
485 1493 570 1518 sum
619 1483 902 1530 suscepturum.
953 1477 1028 1515 DA.
1079 1476 1115 1515 Ο
1154 1475 1308 1514 facinus

159 1545 313 1583 audaxl
364 1545 434 1583 ΡΑ.
468 1545 588 1582 Hauc
614 1544 731 1582 fidem

105 1610 180 1648 sibi
206 1623 269 1647 me
297 1610 526 1657 obsecravit,
556 1610 626 1660 qui
653 1622 694 1647 se
721 1609 839 1647 sciret
865 1621 946 1646 non
974 1607 1233 1654 deserturum,
1261 1610 1309 1643 ut

158 1675 300 1714 durem.

108 1743 185 1782 DA.
249 1742 473 1781 Oui-abitur.
533 1742 610 1780 Sed
657 1746 770 1793 pater
813 1740 935 1780 adest.
1004 1753 1099 1778 cave
1140 1743 1181 1777 te
1226 1750 1309 1778 esse

159 1809 312 1846 tristem
341 1809 497 1846 sentiat.

140 1925 261 1962 Emer
290 1923 402 1961 Sum.
462 1921 606 1959 DAths
635 1919 718 1957 and
745 1919 988 1956 Pmmmus
1016 1918 1134 1956 stand
1158 1918 1277 1958 acido.

109 2007 162 2046 81.
196 2006 342 2044 Reviso
370 2003 464 2055 quid
492 2006 624 2053 agant,
653 2005 724 2039 aut
751 2000 846 2051 quid
875 2003 1035 2050 captent
1062 1998 1210 2039 consili.
1259 2018 1308 2045 ³05
