1390 2202
93 126 114 158 6
576 124 826 162 TERENOE.

96 221 190 245 vera
217 207 456 257 obiurgandi
483 219 600 244 causa
628 207 690 254 sit,
722 206 755 243 si
788 206 978 255 deneget:

95 272 215 310 simul
243 272 458 310 sceleratus
487 271 626 308 Davus
654 270 689 308 si
716 270 812 320 quid
840 268 978 307 consili
1255 285 1306 303 ιω

96 338 227 386 habet,
257 342 304 375 ut
332 340 537 375 consumat
565 348 683 382 nunc,
713 347 836 385 quum
864 333 967 371 nihil
996 332 1131 370 obsint
1158 329 1264 367 doli:

97 415 213 452 quem
243 415 313 451 ego
341 401 456 440 credo
483 401 666 451 manibus
694 399 936 450 pedibusque
965 397 1111 437 obnixe
1137 395 1271 434 omnia

98 467 322 506 facturum:
361 468 486 517 magis
513 467 554 504 id
582 466 691 513 adeo,
724 466 822 503 mihi
851 469 898 502 ut
924 462 1199 507 incommodet,

99 543 218 581 quam
263 536 305 568 ut
345 531 587 581 obsequatur
623 534 755 580 gnato.
813 528 878 567 SO.
919 527 1194 578 Quapropter?
1249 526 1304 565 Sl.

154 598 288 647 Rogas
303 599 316 635 ‘l

101 663 204 700 mala
243 675 362 710 mens,
404 661 531 699 malus
570 661 736 698 animus.
813 673 929 710 quem
967 658 1128 710 quidem
1165 670 1237 708 ego
1275 656 1311 695 si

157 741 382 776 sensero,—

103 794 170 832 sed
199 794 292 844 quid
323 797 441 843 opust
469 792 626 830 verbis'l
682 791 754 829 Sin
782 791 951 839 eveniat,
983 789 1089 841 quod
1117 789 1219 836 volo,

103 859 147 896 in
177 858 387 909 Pamphilo
414 862 462 895 ut
489 857 593 895 nihil
621 857 675 895 sit
701 870 844 904 morae,
875 860 1002 894 restat
1030 855 1229 902 Chremes,

105 925 175 975 qui
201 924 258 962 mi
285 924 509 963 exorandus
537 927 614 962 est:
652 927 694 961 et
721 936 834 974 spero
862 922 1027 961 confore.
1326 972 1329 973 ⁷

107 991 147 1028 N
149 1003 227 1027 unc
254 994 409 1027 tuumst
429 989 610 1036 officium,
631 988 702 1026 has
721 989 821 1026 bene
840 992 887 1026 ut
909 987 1120 1026 adsimules
1139 986 1312 1038 nuptias,

108 1053 407 1106 perterrefacias
436 1054 610 1100 Davum,
641 1054 824 1091 observes
851 1054 991 1102 filium,
1265 1073 1316 1099 130

108 1120 204 1171 quid
231 1124 334 1170 agat,
355 1119 452 1170 quid
480 1132 569 1157 cum
595 1118 664 1157 illo
689 1119 828 1157 consili
857 1123 999 1169 captet.
1049 1119 1111 1158 So.
1144 1118 1217 1157 Sat
1237 1122 1314 1157 est:

112 1185 278 1222 curabo:
317 1198 449 1222 eamus
487 1185 669 1222 nunciam
705 1186 821 1223 intro.
883 1183 939 1222 S1.
972 1183 995 1221 I
1024 1196 1130 1234 prae,
1159 1195 1313 1234 sequar,

1129 1245 1313 1302 [Em.

1261 742 1311 768 ²2⁵

572 1425 752 1464 SOENE
801 1425 858 1462 II.

581 1541 704 1579 Emer
732 1541 844 1579 Smo.

115 1643 171 1683 Sl.
204 1643 297 1681 Non
326 1642 541 1688 dubiumst,
572 1641 670 1690 quin
700 1653 861 1678 uxorem
890 1639 992 1677 nolit
1018 1638 1147 1678 filius:

115 1710 174 1747 ita
202 1709 358 1746 Davom
387 1707 502 1746 modo
530 1707 672 1745 timere
700 1707 816 1754 sensi,
846 1706 915 1744 ubi
945 1706 1106 1756 nuptias

117 1775 273 1811 futuras
301 1785 384 1810 esse
411 1771 577 1810 audivit.
637 1771 714 1809 Sed
742 1771 826 1821 ipse
853 1770 939 1808 exit
966 1769 1082 1809 foras.
1274 1790 1323 1817 ¹³⁵

139 1877 260 1914 Emer
278 1875 423 1913 DAvns
438 1873 624 1924 speakinq
644 1879 681 1911 ιο
701 1871 866 1922 himself}
889 1878 955 1910 not
973 1872 1170 1923 obaerm'nq
1188 1873 1302 1915 Sum.

122 1959 199 1997 DA.
231 1958 420 2005 Mirabar,
442 1957 515 1995 hoc
543 1956 577 1994 si
603 1956 659 1995 sio
687 1956 827 2003 abiret,
848 1959 889 1993 et
916 1955 974 1993 eri
1002 1967 1157 2007 semper
1179 1955 1324 1996 lenitas

175 2023 340 2061 verebar
369 2035 556 2073 quorsum
585 2021 793 2059 evaderet:
