1390 2202
121 115 144 147 8
598 110 843 146 TERENCE.

121 196 249 245 ipsum
277 194 453 241 animum
481 197 685 243 aegrotum
712 193 763 230 ad
800 192 1032 231 deteriorem
1060 195 1210 243 parbem
1242 190 1319 242 ple-

174 272 341 309 rumque
367 258 549 308 applicat.

123 325 199 363 DA.
242 324 337 362 Non
373 324 502 362 hercle
538 323 735 373 intellego.
794 323 850 360 S1.
891 323 1013 360 Non?
1067 322 1182 360 hem!
1238 321 1315 360 DA.

176 388 294 426 Non:
334 387 471 425 Davus
499 400 600 435 sum,
629 400 709 425 non
739 387 922 437 Oedipus.

123 454 177 491 S1.
207 453 362 504 Nempe
389 466 480 503 ergo
507 457 641 503 aperte
669 452 741 500 vis,
771 465 871 502 quae
908 456 1070 500 restant»,
1100 465 1163 490 me
1198 452 1317 502 loqui.

177 520 254 558 DA.
286 519 388 557 Sane
415 518 585 568 quidem.
1273 537 1321 562 1⁵⁵

123 585 177 623 S1.
209 585 252 623 Si
279 597 433 623 sensero
461 583 577 621 hodie
604 583 815 633 quicquam
843 583 886 620 in
914 583 976 620 his
1003 586 1044 620 ‘te
1071 582 1224 632 nuptiis

121 650 298 688 fallaciae
326 649 470 697 conari,
500 660 579 698 quo
605 648 706 685 fiant
732 647 874 694 minus,

122 718 192 752 aut
219 713 320 751 velle
347 713 391 750 in
423 725 470 750 ea
497 725 539 750 re
567 711 733 758 ostendi,
763 724 881 762 quam
909 711 964 749 sis
991 711 1179 759 callidus3

122 778 351 816 verberibus
389 790 544 815 caesum
581 781 635 825 be,
674 777 798 824 Dave,
836 776 880 813 in
921 776 1136 827 pistrinum
1181 775 1319 814 dedam

176 856 299 894 usque
326 842 376 881 ad
404 855 551 888 necem,

123 921 169 946 ea
195 908 280 958 lege
306 910 425 957 atque
464 907 594 944 omine
631 909 689 953 ut,
719 905 754 943 si
791 910 831 943 te
869 905 961 943 inde
998 905 1223 953 exemerim,
1251 917 1323 956 ego

175 985 247 1023 pro
274 976 316 1010 be
343 972 496 1009 molam.
1274 984 1324 1009 ιεο

125 1038 241 1086 Quid,
271 1037 343 1075 hoc
370 1035 648 1074 intellextine?
704 1048 757 1074 an
798 1036 975 1074 nondum
1016 1036 1137 1075 etiam
1169 1049 1220 1076 ne
1250 1035 1324 1075 hoc

177 1103 362 1155 quidem?
418 1102 495 1140 DA.
526 1102 656 1139 Immo
684 1101 824 1139 callide
831 1115 843 1150 5

123 1168 182 1206 iba
221 1171 356 1218 aperte
396 1167 523 1217 ipsam
564 1179 649 1204 rem
686 1165 802 1204 modo
839 1166 1004 1213 locutus,
1038 1166 1140 1204 nihil
1176 1166 1324 1205 circum

177 1235 301 1273 itione
328 1245 424 1270 usus
452 1245 502 1271 es.

125 1299 180 1337 SI.
211 1297 358 1337 Ubivis
386 1297 539 1334 facilius
576 1309 714 1347 passus
751 1297 825 1334 sim
863 1310 980 1347 quam
1019 1296 1063 1334 in
1089 1296 1163 1335 hac
1189 1309 1233 1335 re
1262 1309 1326 1335 me

177 1364 365 1402 deludier.

127 1430 202 1469 DA.
248 1430 360 1467 Bona
406 1430 536 1477 verba,
577 1442 726 1479 quaeso.
800 1429 855 1468 SI.
907 1429 1078 1468 Irrides:
1125 1429 1228 1468 nihil
1263 1441 1327 1467 me

178 1494 291 1532 fallis.
349 1493 459 1531 edico
486 1493 573 1540 tibi,

126 1574 175 1599 ne
212 1572 360 1597 temere
396 1558 528 1596 facias.
586 1571 711 1608 neque
750 1567 795 1595 tu
834 1557 941 1595 haud
978 1557 1082 1596 dices
1125 1557 1200 1596 tibi
1245 1569 1327 1595 non

180 1623 433 1676 praedictum.
492 1623 608 1662 Cave.
966 1620 1080 1675 [E'aeic
1106 1621 1220 1661 Suno.
1280 1635 1329 1666 περ,

128 1691 204 1729 DA.
237 1690 460 1736 Enimvero,
491 1688 615 1735 Dave,
645 1687 746 1725 nihil
774 1687 848 1725 loci
885 1691 946 1725 est,
980 1686 1170 1738 segnitiae
1200 1698 1329 1738 neque

180 1754 390 1800 socordiae,

128 1826 324 1872 quantum
351 1818 532 1856 intellexi
559 1817 675 1855 modo
702 1817 806 1855 senis
824 1817 1061 1855 sententiam
1083 1815 1133 1855 de
1158 1816 1328 1868 nuptiis:

130 1898 231 1938 quae
258 1884 293 1922 si
319 1895 400 1921 nou
428 1887 518 1920 astu
545 1882 817 1932 providentur,
847 1894 910 1919 me
936 1885 1009 1919 aut
1034 1893 1144 1919 erum
1172 1893 1328 1932 pessum

184 1949 346 1987 dabunt.

133 2014 218 2052 Nec
258 2011 354 2062 quid
395 2023 507 2060 agam
550 2012 762 2046 certumst:
801 2008 1105 2059 Pamphilumne
1139 2007 1326 2058 adiuuem,

186 2090 238 2115 an
265 2074 481 2113 auscultem
509 2073 602 2111 seni.
