1390 2202
91 84 112 117 2
565 87 812 125 TERENOE.

93 162 155 200 So.
199 163 250 200 In
290 166 477 203 memoria
515 166 647 205 habeo.
707 169 761 207 S1.
816 171 936 210 Haud
979 178 1091 212 muto
1132 174 1291 214 factum.

146 226 209 266 So.
242 228 416 277 Gaudeo,

92 292 126 330 si
153 292 228 330 tibi
257 294 351 344 quid
378 295 455 333 feci
482 299 554 334 aut
580 297 683 336 facio
710 300 816 349 quod
843 301 1007 351 placeat,
1038 303 1158 351 Simo,

93 362 134 395 et
161 358 200 395 id
229 363 386 408 gratum
415 360 537 399 fuisse
564 363 776 402 advorsum
805 371 845 404 te
872 366 997 406 habeo
1023 370 1203 420 gratiam.
1264 391 1295 416 ις

93 422 169 460 Sed
197 423 270 460 hoc
297 423 397 462 mihi
423 426 690 465 molestumst:
718 441 810 466 nam
836 430 957 469 istaec
979 434 1296 472 commemoratio

93 488 206 537 quasi
233 490 522 539 exprobratiost
551 491 772 531 immemori
801 495 974 535 benefici.

94 553 192 604 quin
220 557 267 591 tu
296 567 375 592 uno
403 556 524 593 verbo
553 557 615 595 dic
643 558 738 608 quid
768 565 828 598 est
856 563 961 611 quod
988 576 1052 602 me
1079 565 1190 603 velis.

94 618 148 656 S1.
190 619 256 656 Ita
295 619 449 659 faciam.
514 621 589 659 hoc
625 624 800 673 primum
837 625 880 663 in
917 626 991 665 hac
1029 641 1073 666 re
1111 630 1295 680 praedico

146 684 245 722 tibi:

91 762 188 799 quas
217 749 344 787 credis
373 762 455 788 esse
483 750 565 798 has,
595 765 676 790 non
705 757 800 792 sunt
827 768 945 793 verae
972 757 1149 808 nuptiae.
1262 781 1296 798 ω

92 812 154 850 8ο.
188 813 269 850 Gur
287 813 449 851 simulas
468 814 616 864 igitur?
672 816 727 855 SI.
755 817 855 856 Rem
883 832 1038 858 omnem
1057 834 1081 858 a
1102 822 1296 874 principio

144 878 304 916 audies:

91 956 136 981 eo
164 948 279 994 pacho
307 948 348 982 eb
375 946 486 995 gnati
515 947 638 984 vitam
669 953 710 986 eb
737 950 943 988 consilium
974 965 1105 990 meum

91 1022 309 1060 cognosces,
339 1014 381 1048 et
408 1010 504 1060 quid
533 1011 663 1051 facere
690 1013 734 1051 in
762 1014 834 1052 hac
862 1029 904 1054 re
933 1020 973 1054 te
1003 1017 1131 1057 velim.

91 1074 198 1112 Nam
227 1075 261 1113 is
289 1079 499 1126 postquam
527 1079 695 1116 excessit
722 1091 771 1116 ex
800 1080 968 1130 ephebis,
1000 1081 1123 1130 Sosia,

91 1140 254 1178 liberius
283 1141 444 1179 vivendi
472 1141 552 1180 fuit
578 1147 775 1193 potestas,
767 1159 923 1184 ·—nam
950 1151 1070 1186 antea
1263 1169 1296 1195 ⁹5

91 1206 160 1256 qui
188 1206 285 1244 scire
313 1220 453 1257 posses,
484 1211 554 1245 aut
581 1208 783 1259 ingenium
812 1223 981 1260 noscere,

92 1271 187 1309 dum
224 1275 343 1319 aetas,
383 1277 524 1321 metus,
564 1275 752 1324 magister
787 1276 1077 1326 piohibebant?
1122 1278 1186 1318 So.
1229 1279 1296 1318 Ita

147 1341 216 1374 est.
223 1361 274 1366 —

93 1402 147 1441 SI.
199 1403 313 1448 Quod
342 1403 520 1453 plerique
547 1417 683 1442 omnes
710 1405 864 1444 faciunt
891 1407 1187 1457 adulescentuli,

91 1472 139 1505 ub
164 1468 340 1506 animum
367 1470 416 1506 ad
442 1469 601 1520 aliquod
627 1471 803 1510 studium
829 1473 1060 1524 adiungunt,
1081 1479 1153 1513 aut
1176 1488 1297 1526 equos

92 1533 208 1580 alere,
229 1538 300 1571 aut
328 1547 443 1572 canes
470 1534 519 1572 ad
549 1536 785 1583 venandum,
806 1541 878 1575 aut
897 1537 947 1576 ad
967 1538 1243 1590 philosophos:
1263 1561 1298 1586 30

93 1597 234 1634 horum
263 1597 330 1634 ille
358 1597 457 1634 nihil
488 1598 642 1649 egregie
669 1603 828 1650 praeter
855 1605 985 1639 cetera

93 1663 306 1711 studebat3
345 1670 385 1702 et,
414 1668 550 1703 tamen
577 1666 711 1704 omnia
738 1667 834 1706 haec
860 1669 1120 1709 mediocriter.
1154 1679 1160 1686 ·

93 1729 322 1779 gaudebam.
382 1728 446 1767 8ο.
477 1729 571 1767 Non
600 1730 771 1769 iniuria:
809 1745 900 1770 nam
930 1733 970 1771 id
997 1734 1170 1773 arbitror

93 1794 269 1844 apprime
297 1793 340 1831 in
370 1794 454 1831 vita
482 1806 565 1832 esse
594 1795 702 1843 utile,
733 1800 780 1834 ut
806 1809 858 1835 ne
885 1798 981 1848 quid
1010 1799 1136 1838 nimis.

95 1858 148 1896 Sl.
193 1857 256 1895 Sic
286 1858 370 1895 vita
397 1863 506 1896 erat:
544 1858 659 1898 facile
687 1873 823 1899 omnes
850 1862 1022 1912 perferre
1048 1877 1094 1902 ac
1121 1866 1231 1915 pati:
1266 1886 1298 1912 3⁵

94 1937 184 1962 cum
213 1923 357 1973 quibus
386 1928 473 1962 erat
501 1937 668 1976 cumque
695 1939 786 1973 una,
816 1926 866 1964 iis
894 1940 976 1966 sese
999 1928 1164 1972 dedam:

97 2001 233 2028 eorum
261 1989 424 2041 obsequi
453 1989 618 2030 studiis:
655 1990 846 2031 advorsus
873 1993 1047 2038 nemini:
